@misc{tnssl,
	author={{Tobias Oetiker}},
	title={{The Not So Short Introduction to \LaTeX}},
	month={Março},
	year={2018},
	note = "[Online; acedido em Novembro de 2018]"
}
@book{Lamport.94,
	AUTHOR = {Leslie Lamport},
	TITLE = {LaTeX: A Document Preparation System},
	PAGES = {288},
	PUBLISHER = {Addison-Wesley Professional},
	EDITION = {2nd},
	YEAR = {1994},
}
@manual{semautor,
	author={{(Desconhecido), Universidade de Aveiro}},
	title={{Produção de documentos com \LaTeX}},
	year={2018-2019},
	note = "[Online; acedido em Novembro de 2018]"
}
@misc{Reginaldo,
	author = {{Reginaldo J. Santos}},
	title={{Introdução ao \LaTeX}},
	year={2002},
	note="[Online;acedido em Novembro de 2018]
}
@misc{labi,
	author={{Desconhecido}},
	title={{Produção de documentos com \LaTeX }},
	year={Desconhecido},
	note="[Online;acedido em Novembro de 2018]"
	}